
@article{zhangqianzhen,
  title={面向时序图数据的季节突发性子图挖掘算法},
  author={张千桢 and 郭得科 and 赵翔},
  journal={软件学报},
  pages={1--17},
  year={2024}
}
@article{zoulei,
  title={动态图上的最短路径距离并行算法},
  author={韩硕 and 邹磊},
  journal={北京大学学报 (自然科学版)},
  year={2020}
}
@article{gaojun,
  title={面向 Top-k 快速查询的层次化 LSH 索引方法},
  author={罗雄才 and 高军},
  journal={计算机研究与发展},
  number={S1},
  pages={56--63},
  year={2015}
}

@phdthesis{mashuai,
  title  = {大数据时代的图搜索技术},
  author = {马帅 and 李佳 and 刘旭东 and 怀进鹏},
  school = {北京航空航天大学},  
  year   = {2013},
  address = {北京},             
  month  = {6}                  
}

@article{zhengji,
  title  = {基于密集子图挖掘的刷单团伙识别方法},
  author = {郑赜一 and 王澎},
  journal = {信息技术与网络安全},
  year   = {2021}
}

@inproceedings{boshmaf2011socialbot,
  title={The socialbot network: when bots socialize for fame and money},
  author={Boshmaf, Yazan and Muslukhov, Ildar and Beznosov, Konstantin and Ripeanu, Matei},
  booktitle={Proceedings of the 27th annual computer security applications conference},
  pages={93--102},
  year={2011}
}
@inproceedings{jiang2012isolating,
  title={Isolating and analyzing fraud activities in a large cellular network via voice call graph analysis},
  author={Jiang, Nan and Jin, Yu and Skudlark, Ann and Hsu, Wen-Ling and Jacobson, Guy and Prakasam, Siva and Zhang, Zhi-Li},
  booktitle={Proceedings of the 10th international conference on Mobile systems, applications, and services},
  pages={253--266},
  year={2012}
}
@inproceedings{wang2010don,
  title={Don't follow me: Spam detection in twitter},
  author={Wang, Alex Hai},
  booktitle={2010 international conference on security and cryptography (SECRYPT)},
  pages={1--10},
  year={2010},
  organization={IEEE}
}
@article{wang2023survey,
  title={A survey of continuous subgraph matching for dynamic graphs},
  author={Wang, Xi and Zhang, Qianzhen and Guo, Deke and Zhao, Xiang},
  journal={Knowledge and Information Systems},
  volume={65},
  number={3},
  pages={945--989},
  year={2023},
  publisher={Springer}
}
@misc{dell2014incremental,
  title={Incremental Reasoning on RDF Streams.},
  author={Dell'Aglio, Daniele and Della Valle, Emanuele and others},
  year={2014}
}

@article{barbieri2010c,
  title={C-SPARQL: a continuous query language for RDF data streams},
  author={Barbieri, Davide Francesco and Braga, Daniele and Ceri, Stefano and Valle, Emanuele Della and Grossniklaus, Michael},
  journal={International Journal of Semantic Computing},
  volume={4},
  number={01},
  pages={3--25},
  year={2010},
  publisher={World Scientific}
}

@article{uniprot2017uniprot,
  title={UniProt: the universal protein knowledgebase},
  author={UniProt Consortium, The},
  journal={Nucleic acids research},
  volume={46},
  number={5},
  pages={2699--2699},
  year={2018},
  publisher={Oxford University Press}
}

@article{yuan2023motif,
  title={Motif-level anomaly detection in dynamic graphs},
  author={Yuan, Zirui and Shao, Minglai and Yan, Qiben},
  journal={IEEE Transactions on Information Forensics and Security},
  volume={18},
  pages={2870--2882},
  year={2023},
  publisher={IEEE}
}
@article{wang2023mago,
  title={Mago: Maliciously secure subgraph counting on decentralized social graphs},
  author={Wang, Songlei and Zheng, Yifeng and Jia, Xiaohua and Wang, Qian and Wang, Cong},
  journal={IEEE Transactions on Information Forensics and Security},
  volume={18},
  pages={2929--2944},
  year={2023},
  publisher={IEEE}
}
@article{窦建凯2019单图中的近似频繁子图挖掘算法,
  title={单图中的近似频繁子图挖掘算法},
  author={窦建凯 and 林欣 and 胡文心},
  journal={华东师范大学学报 (自然科学版)},
  volume={2019},
  number={6},
  pages={73},
  year={2019}
}

@article{wang2023zerobind,
  title={ZeroBind: a protein-specific zero-shot predictor with subgraph matching for drug-target interactions},
  author={Wang, Yuxuan and Xia, Ying and Yan, Junchi and Yuan, Ye and Shen, Hong-Bin and Pan, Xiaoyong},
  journal={Nature Communications},
  volume={14},
  number={1},
  pages={7861},
  year={2023},
  publisher={Nature Publishing Group UK London}
}

@inproceedings{sm-psgl-DBLP:conf/sigmod/ShaoCCMYX14,
  title={Parallel subgraph listing in a large-scale graph},
  author={Shao, Yingxia and Cui, Bin and Chen, Lei and Ma, Lin and Yao, Junjie and Xu, Ning},
  booktitle={Proceedings of the 2014 ACM SIGMOD international conference on Management of Data},
  pages={625--636},
  year={2014}
}

@article{sm-stwing-DBLP:journals/pvldb/SunWWSL12,
  title={Efficient subgraph matching on billion node graphs},
  author={Sun, Zhao and Wang, Hongzhi and Wang, Haixun and Shao, Bin and Li, Jianzhong},
  journal={arXiv preprint arXiv:1205.6691},
  year={2012}
}

@inproceedings{sm-dp-iso-DBLP:conf/sigmod/HanKGPH19,
  title={Efficient subgraph matching: Harmonizing dynamic programming, adaptive matching order, and failing set together},
  author={Han, Myoungji and Kim, Hyunjoon and Gu, Geonmo and Park, Kunsoo and Han, Wook-Shin},
  booktitle={Proceedings of the 2019 international conference on management of data},
  pages={1429--1446},
  year={2019}
}

@inproceedings{sm-ceci-DBLP:conf/sigmod/BhattaraiLH19,
  title={Ceci: Compact embedding cluster index for scalable subgraph matching},
  author={Bhattarai, Bibek and Liu, Hang and Huang, H Howie},
  booktitle={Proceedings of the 2019 International Conference on Management of Data},
  pages={1447--1462},
  year={2019}
}

@inproceedings{sm-turbo-iso-DBLP:conf/sigmod/HanLL13,
  title={Turboiso: towards ultrafast and robust subgraph isomorphism search in large graph databases},
  author={Han, Wook-Shin and Lee, Jinsoo and Lee, Jeong-Hoon},
  booktitle={Proceedings of the 2013 ACM SIGMOD international conference on management of data},
  pages={337--348},
  year={2013}
}

@article{sm-spath-DBLP:journals/pvldb/ZhaoH10,
  title={On graph query optimization in large networks},
  author={Zhao, Peixiang and Han, Jiawei},
  journal={Proceedings of the VLDB Endowment},
  volume={3},
  number={1-2},
  pages={340--351},
  year={2010},
  publisher={VLDB Endowment}
}


@incollection{sm-GraphQL-DBLP:series/ads/HeS10,
  title={Query language and access methods for graph databases},
  author={He, Huahai and Singh, Ambuj K},
  booktitle={Managing and mining graph data},
  pages={125--160},
  year={2010},
  publisher={Springer}
}

@article{csm-IncIsoMatch-DBLP:conf/sigmod/FanLLTWW11,
  title={Incremental graph pattern matching},
  author={Fan, Wenfei and Wang, Xin and Wu, Yinghui},
  journal={ACM Transactions on Database Systems (TODS)},
  volume={38},
  number={3},
  pages={1--47},
  year={2013},
  publisher={ACM New York, NY, USA}
}

@inproceedings{csm-graphflow-DBLP:conf/sigmod/KankanamgeSMCS17,
  title={Graphflow: An active graph database},
  author={Kankanamge, Chathura and Sahu, Siddhartha and Mhedbhi, Amine and Chen, Jeremy and Salihoglu, Semih},
  booktitle={Proceedings of the 2017 ACM International Conference on Management of Data},
  pages={1695--1698},
  year={2017}
}

@article{csm-graphflowpp-DBLP:journals/tods/MhedhbiKS21,
  title={Optimizing one-time and continuous subgraph queries using worst-case optimal joins},
  author={Mhedhbi, Amine and Kankanamge, Chathura and Salihoglu, Semih},
  journal={ACM Transactions on Database Systems (TODS)},
  volume={46},
  number={2},
  pages={1--45},
  year={2021},
  publisher={ACM New York, NY, USA}
}

@inproceedings{csm-sjtree-DBLP:conf/edbt/ChoudhuryHCAF15,
 title     = {A Selectivity based approach to Continuous Pattern Detection in Streaming
              Graphs},
 author    = {Sutanay Choudhury and
              Lawrence B. Holder and
              George Chin Jr. and
              Khushbu Agarwal and
              John Feo},
 booktitle = {Proceedings of the 18th International Conference on Extending Database
              Technology, {EDBT} 2015, Brussels, Belgium, March 23-27, 2015},
 pages     = {157--168},
 year      = {2015},
 publisher = {OpenProceedings.org}
}

@inproceedings{csm-turboflux-DBLP:conf/sigmod/KimSHLHCSJ18,
  title={Turboflux: A fast continuous subgraph matching system for streaming graph data},
  author={Kim, Kyoungmin and Seo, In and Han, Wook-Shin and Lee, Jeong-Hoon and Hong, Sungpack and Chafi, Hassan and Shin, Hyungyu and Jeong, Geonhwa},
  booktitle={Proceedings of the 2018 international conference on management of data},
  pages={411--426},
  year={2018},
  publisher = {{ACM}}
}

@inproceedings{sgi-turbo-iso-DBLP:conf/sigmod/HanLL13,
  title={Turboiso: towards ultrafast and robust subgraph isomorphism search in large graph databases},
  author={Han, Wook-Shin and Lee, Jinsoo and Lee, Jeong-Hoon},
  booktitle={Proceedings of the 2013 ACM SIGMOD international conference on management of data},
  pages={337--348},
  year={2013},
  publisher = {{ACM}}
}


@article{csm-symbi-DBLP:journals/pvldb/MinPPGIH21,
  title={Symmetric continuous subgraph matching with bidirectional dynamic programming},
  author={Min, Seunghwan and Park, Sung Gwan and Park, Kunsoo and Giammarresi, Dora and Italiano, Giuseppe F and Han, Wook-Shin},
  journal   = {Proc. {VLDB} Endow.},
  pages     = {1298--1310},
  year={2021},
}

@article{csm-rapidflow-DBLP:journals/pvldb/SunSHL22,
  title={Rapidflow: An efficient approach to continuous subgraph matching},
  author={Sun, Shixuan and Sun, Xibo and He, Bingsheng and Luo, Qiong},
  journal={Proceedings of the VLDB Endowment},
  volume={15},
  number={11},
  pages={2415--2427},
  year={2022},
  publisher={VLDB Endowment}
}

@article{csm-calig-DBLP:journals/pacmmod/YangZZY23,
  title={Fast continuous subgraph matching over streaming graphs via backtracking reduction},
  author={Yang, Rongjian and Zhang, Zhijie and Zheng, Weiguo and Yu, Jeffrey Xu},
  journal={Proceedings of the ACM on Management of Data},
  volume={1},
  number={1},
  pages={1--26},
  year={2023},
  publisher={ACM New York, NY, USA}
}

@inproceedings{dsm-noweight-Gabert-DBLP:conf/wsdm/GabertPC21,
  title={A unifying framework to identify dense subgraphs on streams: Graph nuclei to hypergraph cores},
  author={Gabert, Kasimir and Pinar, Ali and {\c{C}}ataly{\"u}rek, {\"U}mit V},
  booktitle={Proceedings of the 14th ACM International Conference on Web Search and Data Mining},
  pages={689--697},
  year={2021}
}

@inproceedings{dsm-noweight-McGregor-DBLP:journals/corr/McGregorTVV15,
  title={Densest subgraph in dynamic graph streams},
  author={McGregor, Andrew and Tench, David and Vorotnikova, Sofya and Vu, Hoa T},
  booktitle={International Symposium on Mathematical Foundations of Computer Science},
  pages={472--482},
  year={2015},
  organization={Springer}
}

@article{dsm-noweight-Bahmani-DBLP:journals/pvldb/BahmaniKV12,
  title={Densest subgraph in streaming and mapreduce},
  author={Bahmani, Bahman and Kumar, Ravi and Vassilvitskii, Sergei},
  journal={Proc. {VLDB} Endow.},
  volume       = {5},
  number       = {5},
  pages        = {454--465},
  year         = {2012}
}

@inproceedings{dsm-noweight-Valari-DBLP:conf/ssdbm/ValariKP12,
  title={Discovery of top-k dense subgraphs in dynamic graph collections},
  author={Valari, Elena and Kontaki, Maria and Papadopoulos, Apostolos N},
  booktitle={International Conference on Scientific and Statistical Database Management},
  pages={213--230},
  year={2012},
  organization={Springer}
}

@inproceedings{dsm-noweight-Mathieu-DBLP:journals/corr/abs-2010-07794,
  title={Large very dense subgraphs in a stream of edges},
  author={Mathieu, Claire and de Rougemont, Michel},
  booktitle={Proceedings of the 2020 ACM-IMS on Foundations of Data Science Conference},
  journal      = {CoRR},
  volume       = {abs/2010.07794},
  year         = {2020}
}

@inproceedings{dsm-noweight-Zhao-DBLP:conf/icalip/ZhaoQYB14,
  title={From dense subgraph to graph matching: A label propagation approach},
  author={Zhao, Zhuoyi and Qiao, Yu and Yang, Jie and Bai, Li},
  booktitle={2014 International Conference on Audio, Language and Image Processing},
  pages={301--306},
  year={2014},
  organization={IEEE}
}

@inproceedings{dsm-noweight-Hu-DBLP:conf/cikm/HuWC17,
  title={Maintaining densest subsets efficiently in evolving hypergraphs},
  author={Hu, Shuguang and Wu, Xiaowei and Chan, TH Hubert},
  booktitle={Proceedings of the 2017 ACM on Conference on Information and Knowledge Management},
  pages={929--938},
  year={2017}
}

@inproceedings{dsm-noweight-Tsourakakis-DBLP:conf/kdd/TsourakakisBGGT13,
  title={Denser than the densest subgraph: extracting optimal quasi-cliques with quality guarantees},
  author={Tsourakakis, Charalampos and Bonchi, Francesco and Gionis, Aristides and Gullo, Francesco and Tsiarli, Maria},
  booktitle={Proceedings of the 19th ACM SIGKDD international conference on Knowledge discovery and data mining},
  pages={104--112},
  year={2013}
}

@article{dsm-noweight-Balalau-DBLP:conf/wsdm/BalalauBCGS15,
  title={Finding Subgraphs with Maximum Total Density and Limited Overlap in Weighted Hypergraphs},
  author={Balalau, Oana and Bonchi, Francesco and Chan, TH Hubert and Gullo, Francesco and Sozio, Mauro and Xie, Hao},
  journal={ACM Transactions on Knowledge Discovery from Data},
  volume={18},
  number={4},
  pages={1--21},
  year={2024},
  publisher={ACM New York, NY}
}

@article{dsm-noweight-Rozenshtein-DBLP:journals/tkdd/RozenshteinTG17,
  title={Finding dynamic dense subgraphs},
  author={Rozenshtein, Polina and Tatti, Nikolaj and Gionis, Aristides},
  journal={ACM Transactions on Knowledge Discovery from Data (TKDD)},
  volume={11},
  number={3},
  pages={1--30},
  year={2017},
  publisher={ACM New York, NY, USA}
}

@article{dsm-noweight-Dondi-DBLP:journals/corr/abs-2002-07695,
  title={Computing the k densest subgraphs of a graph},
  author={Dondi, Riccardo and Hermelin, Danny},
  journal={Information Processing Letters},
  volume={179},
  pages={106316},
  year={2023},
  publisher={Elsevier}
}

@article{dsm-noweight-Ma-DBLP:journals/pvldb/MaCLH22,
  title={Finding locally densest subgraphs: a convex programming approach},
  author={Ma, Chenhao and Cheng, Reynold and Lakshmanan, Laks VS and Han, Xiaolin},
  journal={Proceedings of the VLDB Endowment},
  volume={15},
  number={11},
  pages={2719--2732},
  year={2022},
  publisher={VLDB Endowment}
}

@article{dsm-noweight-Bonchi-DBLP:journals/corr/abs-2007-01533,
  title={Finding densest k-connected subgraphs},
  author={Bonchi, Francesco and Garc{\'\i}a-Soriano, David and Miyauchi, Atsushi and Tsourakakis, Charalampos E},
  journal={Discrete Applied Mathematics},
  volume={305},
  pages={34--47},
  year={2021},
  publisher={Elsevier}
}

@article{dsm-noweight-Fang-DBLP:journals/pvldb/FangYCLL19,
  title={Efficient algorithms for densest subgraph discovery},
  author={Fang, Yixiang and Yu, Kaiqiang and Cheng, Reynold and Lakshmanan, Laks VS and Lin, Xuemin},
  journal      = {Proc. {VLDB} Endow.},
  volume       = {12},
  number       = {11},
  pages        = {1719--1732},
  year         = {2019}
}

@inproceedings{dsm-noweight-Saha-DBLP:journals/corr/abs-2212-08820,
  title={Most probable densest subgraphs},
  author={Saha, Arkaprava and Ke, Xiangyu and Khan, Arijit and Long, Cheng},
  booktitle={2023 IEEE 39th International Conference on Data Engineering (ICDE)},
  pages={1447--1460},
  year={2023},
  organization={IEEE}
}

@inproceedings{static-topk-Gupta-DBLP:conf/icde/GuptaGYCH14,
  title={Top-k interesting subgraph discovery in information networks},
  author={Gupta, Manish and Gao, Jing and Yan, Xifeng and Cam, Hasan and Han, Jiawei},
  booktitle={2014 IEEE 30th International Conference on Data Engineering},
  pages={820--831},
  year={2014},
  organization={IEEE}
}

@article{static-topk-Chen-DBLP:journals/ijprai/ChenLCTL18,
  title={PBSM: an efficient top-K subgraph matching algorithm},
  author={Chen, Wei and Liu, Jia and Chen, Ziyang and Tang, Xian and Li, Kaiyu},
  journal={International Journal of Pattern Recognition and Artificial Intelligence},
  volume={32},
  number={06},
  pages={1850020},
  year={2018},
  publisher={World Scientific}
}

@inproceedings{dsm-weight-Muhammad-DBLP:conf/cikm/NasirGMG17,
  title={Fully dynamic algorithm for top-k densest subgraphs},
  author={Nasir, Muhammad Anis Uddin and Gionis, Aristides and Morales, Gianmarco De Francisci and Girdzijauskas, Sarunas},
  booktitle={Proceedings of the 2017 ACM on Conference on Information and Knowledge Management},
  pages={1817--1826},
  year={2017}
}

@article{dsm-weight-Angel-DBLP:journals/vldb/AngelKSSST14,
title={Dense subgraph maintenance under streaming edge weight updates for real-time story identification},
author={Angel, Albert and Koudas, Nick and Sarkas, Nikos and Srivastava, Divesh and Svendsen, Michael and Tirthapura, Srikanta},
journal={The VLDB journal},
volume={23},
pages={175--199},
year={2014},
publisher={Springer}
}

@inproceedings{dsm-weight-Ma-DBLP:conf/icde/MaHWLH17,
  title={Fast computation of dense temporal subgraphs},
  author={Ma, Shuai and Hu, Renjun and Wang, Luoshu and Lin, Xuelian and Huai, Jinpeng},
  booktitle={2017 IEEE 33rd International Conference on Data Engineering (ICDE)},
  pages={361--372},
  year={2017},
  organization={IEEE}
}

@inproceedings{sm-cfl-DBLP:conf/sigmod/BiCLQZ16,
  title={Efficient subgraph matching by postponing cartesian products},
  author={Bi, Fei and Chang, Lijun and Lin, Xuemin and Qin, Lu and Zhang, Wenjie},
  booktitle={Proceedings of the 2016 International Conference on Management of Data},
  pages={1199--1214},
  year={2016}
}
@article{sm-vf2-2004,
  title={A (sub) graph isomorphism algorithm for matching large graphs},
  author={Cordella, Luigi P and Foggia, Pasquale and Sansone, Carlo and Vento, Mario},
  journal={IEEE transactions on pattern analysis and machine intelligence},
  volume={26},
  number={10},
  pages={1367--1372},
  year={2004},
  publisher={IEEE}
}

@article{sm-quicksi-shang2008taming,
  title={Taming verification hardness: an efficient algorithm for testing subgraph isomorphism},
  author={Shang, Haichuan and Zhang, Ying and Lin, Xuemin and Yu, Jeffrey Xu},
  journal={Proceedings of the VLDB Endowment},
  volume={1},
  number={1},
  pages={364--375},
  year={2008},
  publisher={VLDB Endowment}
}

@article{sm-vf2pp-DBLP:journals/dam/JuttnerM18,
  title={VF2++—An improved subgraph isomorphism algorithm},
  author={J{\"u}ttner, Alp{\'a}r and Madarasi, P{\'e}ter},
  journal={Discrete Applied Mathematics},
  volume={242},
  pages={69--81},
  year={2018},
  publisher={Elsevier}
}

@article{sm-sgmatch-DBLP:journals/kais/RiveroJ17,
  title={Efficient and scalable labeled subgraph matching using SGMatch},
  author={Rivero, Carlos R and Jamil, Hasan M},
  journal={Knowledge and Information Systems},
  volume={51},
  number={1},
  pages={61--87},
  year={2017},
  publisher={Springer}
}
@inproceedings{sm-survey-DBLP:conf/sigmod/Sun020,
  title={In-memory subgraph matching: An in-depth study},
  author={Sun, Shixuan and Luo, Qiong},
  booktitle={Proceedings of the 2020 ACM SIGMOD International Conference on Management of Data},
  pages={1083--1098},
  year={2020}
}

@inproceedings{sm-CPI-bi2016efficient,
  title={Efficient subgraph matching by postponing cartesian products},
  author={Bi, Fei and Chang, Lijun and Lin, Xuemin and Qin, Lu and Zhang, Wenjie},
  booktitle={Proceedings of the 2016 International Conference on Management of Data},
  pages={1199--1214},
  year={2016}
}

@article{sm-ullmann-DBLP:journals/jacm/Ullmann76,
  title={An algorithm for subgraph isomorphism},
  author={Ullmann, Julian R},
  journal={Journal of the ACM (JACM)},
  volume={23},
  number={1},
  pages={31--42},
  year={1976},
  publisher={ACM New York, NY, USA}
}

@inproceedings{sm-dpiso-DBLP:conf/sigmod/HanKGPH19,
  title={Efficient subgraph matching: Harmonizing dynamic programming, adaptive matching order, and failing set together},
  author={Han, Myoungji and Kim, Hyunjoon and Gu, Geonmo and Park, Kunsoo and Han, Wook-Shin},
  booktitle={Proceedings of the 2019 international conference on management of data},
  pages={1429--1446},
  year={2019}
}

@article{sm-orderindex-DBLP:journals/tkde/SunL22,
  title={Subgraph matching with effective matching order and indexing},
  author={Sun, Shixuan and Luo, Qiong},
  journal={IEEE Transactions on Knowledge and Data Engineering},
  volume={34},
  number={1},
  pages={491--505},
  year={2020},
  publisher={IEEE}
}

@inproceedings{sm-veq-DBLP:conf/sigmod/KimCP0HH21,
  title={Versatile equivalences: Speeding up subgraph query processing and subgraph matching},
  author={Kim, Hyunjoon and Choi, Yunyoung and Park, Kunsoo and Lin, Xuemin and Hong, Seok-Hee and Han, Wook-Shin},
  booktitle={Proceedings of the 2021 international conference on management of data},
  pages={925--937},
  year={2021}
}

@article{sm-rapidMatch-DBLP:journals/pvldb/SunSC0H20,
  title={Rapidmatch: A holistic approach to subgraph query processing},
  author={Sun, Shixuan and Sun, Xibo and Che, Yulin and Luo, Qiong and He, Bingsheng},
  journal={Proceedings of the VLDB Endowment},
  volume={14},
  number={2},
  pages={176--188},
  year={2020},
  publisher={VLDB Endowment}
}

@inproceedings{csm-timing-DBLP:conf/icde/Li0O019,
  title={Time constrained continuous subgraph search over streaming graphs},
  author={Li, Youhuan and Zou, Lei and {\"O}zsu, M Tamer and Zhao, Dongyan},
  booktitle={2019 IEEE 35th International Conference on Data Engineering (ICDE)},
  pages={1082--1093},
  year={2019},
  organization={IEEE}
}

@article{csm-cycle-DBLP:journals/pvldb/QiuCQPZLZ18,
  title={Real-time constrained cycle detection in large dynamic graphs},
  author={Qiu, Xiafei and Cen, Wubin and Qian, Zhengping and Peng, You and Zhang, Ying and Lin, Xuemin and Zhou, Jingren},
  journal={Proceedings of the VLDB Endowment},
  volume={11},
  number={12},
  pages={1876--1888},
  year={2018},
  publisher={VLDB Endowment}
}

@article{csm-survey:DBLP:journals/pvldb/SunSLH22,
  title={An in-depth study of continuous subgraph matching},
  author={Sun, Xibo and Sun, Shixuan and Luo, Qiong and He, Bingsheng},
  journal={Proceedings of the VLDB Endowment},
  volume={15},
  number={7},
  pages={1403--1416},
  year={2022},
  publisher={VLDB Endowment}
}

@inproceedings{static-sm:DBLP:conf/sigmod/Sun020,
  title={In-memory subgraph matching: An in-depth study},
  author={Sun, Shixuan and Luo, Qiong},
  booktitle={Proceedings of the 2020 ACM SIGMOD International Conference on Management of Data},
  pages={1083--1098},
  year={2020}
}

@Misc{data-snap,
 Title			  = {SNAP Datasets:Stanford Large Network Dataset Collection},
 HowPublished             = {\url{https://snap.stanford.edu/data}},
 Year                     = {},
 note = {Accessed: 2023-08-28}
}

@article{wcoj-generic-join-DBLP:journals/sigmod/NgoRR13,
  title={Skew strikes back: new developments in the theory of join algorithms},
  author={Ngo, Hung Q and R{\'e}, Christopher and Rudra, Atri},
  journal={Acm Sigmod Record},
  volume={42},
  number={4},
  pages={5--16},
  year={2014},
  publisher={ACM New York, NY, USA}
}

@article{density-define-DBLP:journals/vldb/AngelKSSST14,
  title={Dense subgraph maintenance under streaming edge weight updates for real-time story identification},
  author={Angel, Albert and Koudas, Nick and Sarkas, Nikos and Srivastava, Divesh},
  journal      = {{VLDB} J.},
  volume       = {23},
  number       = {2},
  pages        = {175--199},
  year         = {2014}
}

@article{clique-DBLP:journals/eor/WuH15,
  title={A review on algorithms for maximum clique problems},
  author={Wu, Qinghua and Hao, Jin-Kao},
  journal={European Journal of Operational Research},
  volume={242},
  number={3},
  pages={693--709},
  year={2015},
  publisher={Elsevier}
}

@inproceedings{homomorphism-DBLP:conf/soda/CyganFGKMPS16,
  title={Tight bounds for graph homomorphism and subgraph isomorphism},
  author={Cygan, Marek and Fomin, Fedor V and Golovnev, Alexander and Kulikov, Alexander S and Mihajlin, Ivan and Pachocki, Jakub and Soca{\l}a, Arkadiusz},
  booktitle={Proceedings of the twenty-seventh annual ACM-SIAM symposium on Discrete algorithms},
  pages={1643--1649},
  year={2016},
  organization={SIAM}
}

@article{biology-proteins-DBLP:journals/nar/XenariosSDHKE03,
  title={DIP, the Database of Interacting Proteins: a research tool for studying cellular networks of protein interactions},
  author={Xenarios, Ioannis and Salwinski, Lukasz and Duan, Xiaoqun Joyce and Higney, Patrick and Kim, Sul-Min and Eisenberg, David},
  journal={Nucleic acids research},
  volume={30},
  number={1},
  pages={303--305},
  year={2002},
  publisher={Oxford University Press}
}

@article{biology-graph-Matching-DBLP:journals/bioinformatics/ZaslavskiyBV09,
  title={Global alignment of protein--protein interaction networks by graph matching methods},
  author={Zaslavskiy, Mikhail and Bach, Francis and Vert, Jean-Philippe},
  journal={Bioinformatics},
  volume={25},
  number={12},
  pages={1259--1267},
  year={2009},
  publisher={Oxford University Press}
}

@article{traffic-graph-matching-DBLP:journals/pvldb/SongGCW14,
  title={Event pattern matching over graph streams},
  author={Song, Chunyao and Ge, Tingjian and Chen, Cindy and Wang, Jie},
  journal={Proceedings of the VLDB Endowment},
  volume={8},
  number={4},
  pages={413--424},
  year={2014},
  publisher={VLDB Endowment}
}


a service of  Schloss Dagstuhl - Leibniz Center for Informatics	homebrowsesearchaboutnfdi

@Misc{code-git-csmtok,
 howpublished = {\url{https://github.com/chuchugao2/CSMTopk}},
 title        = {Codes},
 year         = {2023}
}


@Misc{dat-protein,
 howpublished = {\url{https://cn.string-db.org/cgi/download}},
 title        = {Protein Interaction Dataset},
 year         = {2024}
}

@article{csm-mapreduce-DBLP:journals/cacm/DeanG08,
  title={MapReduce: simplified data processing on large clusters},
  author={Dean, Jeffrey and Ghemawat, Sanjay},
  journal={Communications of the ACM},
  volume={51},
  number={1},
  pages={107--113},
  year={2008},
  publisher={ACM New York, NY, USA}
}



@article{sm-bfs-DBLP:conf/focs/AtseriasGM08,
  title={Size bounds and query plans for relational joins},
  author={Atserias, Albert and Grohe, Martin and Marx, D{\'a}niel},
  journal={SIAM Journal on Computing},
  volume={42},
  number={4},
  pages={1737--1767},
  year={2013},
  publisher={SIAM}
}




